<?xml version="1.0" encoding="UTF-8"?><collection xmlns="http://www.loc.gov/MARC21/slim"><record><leader>00736nam--2200181-u-4500</leader><controlfield tag="001">000054412</controlfield><controlfield tag="002">20161230</controlfield><controlfield tag="005">20161230201051</controlfield><controlfield tag="008">111207s1000------------r-----000-0-rus-d</controlfield><datafield ind1=" " ind2=" " tag="040"><subfield code="a">IFIN-HH</subfield></datafield><datafield ind1=" " ind2=" " tag="041"><subfield code="a">rus</subfield></datafield><datafield ind1=" " ind2=" " tag="080"><subfield code="a">539.12.162.8:530.145(082.2)</subfield></datafield><datafield ind1="1" ind2=" " tag="110"><subfield code="a">Institut Fiziki Visokih Energii</subfield></datafield><datafield ind1="1" ind2="0" tag="245"><subfield code="a">Problemi fiziki visokih energii i kvantovoi teorii polia</subfield><subfield code="b">Trudi mejdunarodnogo seminara po problemam fiziki visokih energii i kvantovoi teorii polia protvino, iyuli 1979 , proceedings of the international seminar on high energy physics and quantum field theory, protvino, july 1979</subfield></datafield><datafield ind1=" " ind2=" " tag="260"><subfield code="a">Protvino</subfield><subfield code="b">Institut Fiziki Visokih Energii</subfield><subfield code="c">1979</subfield></datafield><datafield ind1=" " ind2=" " tag="300"><subfield code="a">651P</subfield></datafield><datafield ind1=" " ind2=" " tag="852"><subfield code="a">48870</subfield><subfield code="c">539.12</subfield></datafield><datafield ind1=" " ind2=" " tag="CAT"><subfield code="a">Sys</subfield><subfield code="c">20111207</subfield><subfield code="h">154314</subfield></datafield></record></collection>